<?xml version="1.0" encoding="UTF-8"?><collection xmlns="http://www.loc.gov/MARC21/slim"><record><leader>00609nam--2200181-i-4500</leader><controlfield tag="001">000043088</controlfield><controlfield tag="002">20161230</controlfield><controlfield tag="005">20161230201043</controlfield><controlfield tag="008">060222s1000------------r-----000-0-fre-d</controlfield><datafield ind1=" " ind2=" " tag="040"><subfield code="a">IFIN-HH</subfield></datafield><datafield ind1=" " ind2=" " tag="041"><subfield code="a">fre</subfield></datafield><datafield ind1=" " ind2=" " tag="080"><subfield code="a">537.533.8:537.534.8(043)</subfield></datafield><datafield ind1="1" ind2=" " tag="100"><subfield code="a">Sudraud,Pierre</subfield></datafield><datafield ind1="1" ind2="0" tag="245"><subfield code="a">Etude des mecanismes de champ responsable de l`emission de particules chargees a partir d`une surface et conception d`une source d`ions de grande brillance</subfield><subfield code="b">These</subfield><subfield code="c">Pierre sudraud</subfield></datafield><datafield ind1=" " ind2=" " tag="260"><subfield code="a">Paris</subfield><subfield code="b">Universite Paris-sud</subfield><subfield code="c">1979</subfield></datafield><datafield ind1=" " ind2=" " tag="300"><subfield code="a">P.DIF + 173 P</subfield></datafield><datafield ind1=" " ind2=" " tag="852"><subfield code="a">48644</subfield><subfield code="c">537.533</subfield></datafield><datafield ind1=" " ind2=" " tag="CAT"><subfield code="a">Sys</subfield><subfield code="c">20110830</subfield><subfield code="h">130236</subfield></datafield></record></collection>